% Wikipedia
@misc{wiki:Astar,
  author = "{Algorithme {A}*}",
  title = "Algorithme {A}* --- {W}ikipédia{,} L'encyclopédie libre",
  year = "2018",
  url = "\url{https://en.wikipedia.org/wiki/A*_search_algorithm}",
  note = "[accédé le 20-février-2018]"
}

@misc{wiki:Sokoban,
  author = "{Sokoban}",
  title = "Sokoban --- {W}ikipédia{,} L'encyclopédie libre",
  year = "2018",
  url = "\url{https://fr.wikipedia.org/wiki/Sokoban}",
  note = "[accédé le 20-février-2018]"
}